@inproceedings{brandt2009two,
  title={Two studies of opportunistic programming: interleaving web foraging, learning, and writing code},
  author={Brandt, Joel and Guo, Philip J and Lewenstein, Joel and Dontcheva, Mira and Klemmer, Scott R},
  booktitle={Proceedings of the SIGCHI Conference on Human Factors in Computing Systems},
  pages={1589--1598},
  year={2009}
}